%YAML 1.1
%TAG !u! tag:unity3d.com,2011:
--- !u!29 &1
OcclusionCullingSettings:
  m_ObjectHideFlags: 0
  serializedVersion: 2
  m_OcclusionBakeSettings:
    smallestOccluder: 5
    smallestHole: 0.25
    backfaceThreshold: 100
  m_SceneGUID: 00000000000000000000000000000000
  m_OcclusionCullingData: {fileID: 0}
--- !u!104 &2
RenderSettings:
  m_ObjectHideFlags: 0
  serializedVersion: 9
  m_Fog: 0
  m_FogColor: {r: 0.5, g: 0.5, b: 0.5, a: 1}
  m_FogMode: 3
  m_FogDensity: 0.01
  m_LinearFogStart: 0
  m_LinearFogEnd: 300
  m_AmbientSkyColor: {r: 0.212, g: 0.227, b: 0.259, a: 1}
  m_AmbientEquatorColor: {r: 0.114, g: 0.125, b: 0.133, a: 1}
  m_AmbientGroundColor: {r: 0.047, g: 0.043, b: 0.035, a: 1}
  m_AmbientIntensity: 1
  m_AmbientMode: 0
  m_SubtractiveShadowColor: {r: 0.42, g: 0.478, b: 0.627, a: 1}
  m_SkyboxMaterial: {fileID: 0}
  m_HaloStrength: 0.5
  m_FlareStrength: 1
  m_FlareFadeSpeed: 3
  m_HaloTexture: {fileID: 0}
  m_SpotCookie: {fileID: 10001, guid: 0000000000000000e000000000000000, type: 0}
  m_DefaultReflectionMode: 0
  m_DefaultReflectionResolution: 128
  m_ReflectionBounces: 1
  m_ReflectionIntensity: 1
  m_CustomReflection: {fileID: 0}
  m_Sun: {fileID: 705507994}
  m_IndirectSpecularColor: {r: 0, g: 0, b: 0, a: 1}
  m_UseRadianceAmbientProbe: 0
--- !u!157 &3
LightmapSettings:
  m_ObjectHideFlags: 0
  serializedVersion: 11
  m_GIWorkflowMode: 1
  m_GISettings:
    serializedVersion: 2
    m_BounceScale: 1
    m_IndirectOutputScale: 1
    m_AlbedoBoost: 1
    m_EnvironmentLightingMode: 0
    m_EnableBakedLightmaps: 1
    m_EnableRealtimeLightmaps: 0
  m_LightmapEditorSettings:
    serializedVersion: 12
    m_Resolution: 2
    m_BakeResolution: 40
    m_AtlasSize: 1024
    m_AO: 0
    m_AOMaxDistance: 1
    m_CompAOExponent: 1
    m_CompAOExponentDirect: 0
    m_ExtractAmbientOcclusion: 0
    m_Padding: 2
    m_LightmapParameters: {fileID: 0}
    m_LightmapsBakeMode: 1
    m_TextureCompression: 1
    m_FinalGather: 0
    m_FinalGatherFiltering: 1
    m_FinalGatherRayCount: 256
    m_ReflectionCompression: 2
    m_MixedBakeMode: 2
    m_BakeBackend: 1
    m_PVRSampling: 1
    m_PVRDirectSampleCount: 32
    m_PVRSampleCount: 500
    m_PVRBounces: 2
    m_PVREnvironmentSampleCount: 500
    m_PVREnvironmentReferencePointCount: 2048
    m_PVRFilteringMode: 2
    m_PVRDenoiserTypeDirect: 0
    m_PVRDenoiserTypeIndirect: 0
    m_PVRDenoiserTypeAO: 0
    m_PVRFilterTypeDirect: 0
    m_PVRFilterTypeIndirect: 0
    m_PVRFilterTypeAO: 0
    m_PVREnvironmentMIS: 0
    m_PVRCulling: 1
    m_PVRFilteringGaussRadiusDirect: 1
    m_PVRFilteringGaussRadiusIndirect: 5
    m_PVRFilteringGaussRadiusAO: 2
    m_PVRFilteringAtrousPositionSigmaDirect: 0.5
    m_PVRFilteringAtrousPositionSigmaIndirect: 2
    m_PVRFilteringAtrousPositionSigmaAO: 1
    m_ExportTrainingData: 0
    m_TrainingDataDestination: TrainingData
    m_LightProbeSampleCountMultiplier: 4
  m_LightingDataAsset: {fileID: 0}
  m_UseShadowmask: 1
--- !u!196 &4
NavMeshSettings:
  serializedVersion: 2
  m_ObjectHideFlags: 0
  m_BuildSettings:
    serializedVersion: 2
    agentTypeID: 0
    agentRadius: 0.5
    agentHeight: 2
    agentSlope: 45
    agentClimb: 0.4
    ledgeDropHeight: 0
    maxJumpAcrossDistance: 0
    minRegionArea: 2
    manualCellSize: 0
    cellSize: 0.16666667
    manualTileSize: 0
    tileSize: 256
    accuratePlacement: 0
    debug:
      m_Flags: 0
  m_NavMeshData: {fileID: 0}
--- !u!1 &705507993
GameObject:
  m_ObjectHideFlags: 0
  m_CorrespondingSourceObject: {fileID: 0}
  m_PrefabInstance: {fileID: 0}
  m_PrefabAsset: {fileID: 0}
  serializedVersion: 6
  m_Component:
  - component: {fileID: 705507995}
  - component: {fileID: 705507994}
  m_Layer: 0
  m_Name: Directional Light
  m_TagString: Untagged
  m_Icon: {fileID: 0}
  m_NavMeshLayer: 0
  m_StaticEditorFlags: 0
  m_IsActive: 1
--- !u!108 &705507994
Light:
  m_ObjectHideFlags: 0
  m_CorrespondingSourceObject: {fileID: 0}
  m_PrefabInstance: {fileID: 0}
  m_PrefabAsset: {fileID: 0}
  m_GameObject: {fileID: 705507993}
  m_Enabled: 1
  serializedVersion: 10
  m_Type: 1
  m_Shape: 0
  m_Color: {r: 1, g: 0.95686275, b: 0.8392157, a: 1}
  m_Intensity: 1
  m_Range: 10
  m_SpotAngle: 30
  m_InnerSpotAngle: 21.80208
  m_CookieSize: 10
  m_Shadows:
    m_Type: 2
    m_Resolution: -1
    m_CustomResolution: -1
    m_Strength: 1
    m_Bias: 0.05
    m_NormalBias: 0.4
    m_NearPlane: 0.2
    m_CullingMatrixOverride:
      e00: 1
      e01: 0
      e02: 0
      e03: 0
      e10: 0
      e11: 1
      e12: 0
      e13: 0
      e20: 0
      e21: 0
      e22: 1
      e23: 0
      e30: 0
      e31: 0
      e32: 0
      e33: 1
    m_UseCullingMatrixOverride: 0
  m_Cookie: {fileID: 0}
  m_DrawHalo: 0
  m_Flare: {fileID: 0}
  m_RenderMode: 0
  m_CullingMask:
    serializedVersion: 2
    m_Bits: 4294967295
  m_RenderingLayerMask: 1
  m_Lightmapping: 1
  m_LightShadowCasterMode: 0
  m_AreaSize: {x: 1, y: 1}
  m_BounceIntensity: 1
  m_ColorTemperature: 6570
  m_UseColorTemperature: 0
  m_BoundingSphereOverride: {x: 0, y: 0, z: 0, w: 0}
  m_UseBoundingSphereOverride: 0
  m_ShadowRadius: 0
  m_ShadowAngle: 0
--- !u!4 &705507995
Transform:
  m_ObjectHideFlags: 0
  m_CorrespondingSourceObject: {fileID: 0}
  m_PrefabInstance: {fileID: 0}
  m_PrefabAsset: {fileID: 0}
  m_GameObject: {fileID: 705507993}
  m_LocalRotation: {x: 0.40821788, y: -0.23456968, z: 0.10938163, w: 0.8754261}
  m_LocalPosition: {x: 0, y: 3, z: 0}
  m_LocalScale: {x: 1, y: 1, z: 1}
  m_Children: []
  m_Father: {fileID: 0}
  m_RootOrder: 1
  m_LocalEulerAnglesHint: {x: 50, y: -30, z: 0}
--- !u!224 &739913814 stripped
RectTransform:
  m_CorrespondingSourceObject: {fileID: 522702899883452251, guid: 9d6c9d702145fbe4d988f1e5b3993de8,
    type: 3}
  m_PrefabInstance: {fileID: 1625512833}
  m_PrefabAsset: {fileID: 0}
--- !u!1 &957230410 stripped
GameObject:
  m_CorrespondingSourceObject: {fileID: 893085462340554531, guid: 9d6c9d702145fbe4d988f1e5b3993de8,
    type: 3}
  m_PrefabInstance: {fileID: 1625512833}
  m_PrefabAsset: {fileID: 0}
--- !u!114 &957230411
MonoBehaviour:
  m_ObjectHideFlags: 0
  m_CorrespondingSourceObject: {fileID: 0}
  m_PrefabInstance: {fileID: 0}
  m_PrefabAsset: {fileID: 0}
  m_GameObject: {fileID: 957230410}
  m_Enabled: 1
  m_EditorHideFlags: 0
  m_Script: {fileID: 11500000, guid: 32a654fa08bfd9f4396adb7134eafde4, type: 3}
  m_Name: 
  m_EditorClassIdentifier: 
  wcButtonType: 1
  buttonImage: {fileID: 957230412}
  normalTexture: {fileID: 0}
  selectTexture: {fileID: 0}
  hoverTexture: {fileID: 0}
  pressTexture: {fileID: 0}
  buttonText: {fileID: 0}
  normalColor: {r: 1, g: 1, b: 1, a: 1}
  selectColor: {r: 0.95, g: 0.95, b: 0.95, a: 1}
  hoverColor: {r: 0.95, g: 0.95, b: 0.95, a: 1}
  pressColor: {r: 0.8, g: 0.8, b: 0.8, a: 1}
  imageNormalColor: {r: 1, g: 1, b: 1, a: 1}
  imageSelectColor: {r: 0.95, g: 0.95, b: 0.95, a: 1}
  imageHoverColor: {r: 0.95, g: 0.95, b: 0.95, a: 1}
  imagePressColor: {r: 0.8, g: 0.8, b: 0.8, a: 1}
  buttonGroup: {fileID: 0}
  buttonGroupType: 0
  tipsObj: {fileID: 0}
  selectImageObj: {fileID: 0}
  interactable: 1
  isCanRepeatClick: 1
  isCanSelect: 1
  isOn: 0
  isNeddReduction: 1
  buttonSoundName: 1
  soundVolume: 1
--- !u!114 &957230412 stripped
MonoBehaviour:
  m_CorrespondingSourceObject: {fileID: 6894536273181710445, guid: 9d6c9d702145fbe4d988f1e5b3993de8,
    type: 3}
  m_PrefabInstance: {fileID: 1625512833}
  m_PrefabAsset: {fileID: 0}
  m_GameObject: {fileID: 957230410}
  m_Enabled: 1
  m_EditorHideFlags: 0
  m_Script: {fileID: 11500000, guid: fe87c0e1cc204ed48ad3b37840f39efc, type: 3}
  m_Name: 
  m_EditorClassIdentifier: 
--- !u!1 &963194225
GameObject:
  m_ObjectHideFlags: 0
  m_CorrespondingSourceObject: {fileID: 0}
  m_PrefabInstance: {fileID: 0}
  m_PrefabAsset: {fileID: 0}
  serializedVersion: 6
  m_Component:
  - component: {fileID: 963194228}
  - component: {fileID: 963194230}
  - component: {fileID: 963194227}
  - component: {fileID: 963194226}
  - component: {fileID: 963194229}
  m_Layer: 0
  m_Name: Main Camera
  m_TagString: MainCamera
  m_Icon: {fileID: 0}
  m_NavMeshLayer: 0
  m_StaticEditorFlags: 0
  m_IsActive: 1
--- !u!81 &963194226
AudioListener:
  m_ObjectHideFlags: 0
  m_CorrespondingSourceObject: {fileID: 0}
  m_PrefabInstance: {fileID: 0}
  m_PrefabAsset: {fileID: 0}
  m_GameObject: {fileID: 963194225}
  m_Enabled: 1
--- !u!20 &963194227
Camera:
  m_ObjectHideFlags: 0
  m_CorrespondingSourceObject: {fileID: 0}
  m_PrefabInstance: {fileID: 0}
  m_PrefabAsset: {fileID: 0}
  m_GameObject: {fileID: 963194225}
  m_Enabled: 1
  serializedVersion: 2
  m_ClearFlags: 1
  m_BackGroundColor: {r: 0.19215687, g: 0.3019608, b: 0.4745098, a: 0}
  m_projectionMatrixMode: 1
  m_GateFitMode: 2
  m_FOVAxisMode: 0
  m_SensorSize: {x: 36, y: 24}
  m_LensShift: {x: 0, y: 0}
  m_FocalLength: 50
  m_NormalizedViewPortRect:
    serializedVersion: 2
    x: 0
    y: 0
    width: 1
    height: 1
  near clip plane: 0.3
  far clip plane: 1000
  field of view: 60
  orthographic: 0
  orthographic size: 5
  m_Depth: -1
  m_CullingMask:
    serializedVersion: 2
    m_Bits: 4294967295
  m_RenderingPath: -1
  m_TargetTexture: {fileID: 0}
  m_TargetDisplay: 0
  m_TargetEye: 3
  m_HDR: 1
  m_AllowMSAA: 1
  m_AllowDynamicResolution: 0
  m_ForceIntoRT: 0
  m_OcclusionCulling: 1
  m_StereoConvergence: 10
  m_StereoSeparation: 0.022
--- !u!4 &963194228
Transform:
  m_ObjectHideFlags: 0
  m_CorrespondingSourceObject: {fileID: 0}
  m_PrefabInstance: {fileID: 0}
  m_PrefabAsset: {fileID: 0}
  m_GameObject: {fileID: 963194225}
  m_LocalRotation: {x: 0, y: 0, z: 0, w: 1}
  m_LocalPosition: {x: 0, y: 1, z: -10}
  m_LocalScale: {x: 1, y: 1, z: 1}
  m_Children: []
  m_Father: {fileID: 0}
  m_RootOrder: 0
  m_LocalEulerAnglesHint: {x: 0, y: 0, z: 0}
--- !u!114 &963194229
MonoBehaviour:
  m_ObjectHideFlags: 0
  m_CorrespondingSourceObject: {fileID: 0}
  m_PrefabInstance: {fileID: 0}
  m_PrefabAsset: {fileID: 0}
  m_GameObject: {fileID: 963194225}
  m_Enabled: 1
  m_EditorHideFlags: 0
  m_Script: {fileID: 11500000, guid: e92331e666505624498012ed08350aa4, type: 3}
  m_Name: 
  m_EditorClassIdentifier: 
--- !u!114 &963194230
MonoBehaviour:
  m_ObjectHideFlags: 0
  m_CorrespondingSourceObject: {fileID: 0}
  m_PrefabInstance: {fileID: 0}
  m_PrefabAsset: {fileID: 0}
  m_GameObject: {fileID: 963194225}
  m_Enabled: 1
  m_EditorHideFlags: 0
  m_Script: {fileID: 11500000, guid: 5744ef841dd6ec9469bc4a7182c00141, type: 3}
  m_Name: 
  m_EditorClassIdentifier: 
--- !u!1001 &1353332322
PrefabInstance:
  m_ObjectHideFlags: 0
  serializedVersion: 2
  m_Modification:
    m_TransformParent: {fileID: 1625512834}
    m_Modifications:
    - target: {fileID: 6405403190090049, guid: 2c8ad85e39cc609418320826cc6c251c, type: 3}
      propertyPath: m_Color.r
      value: 0
      objectReference: {fileID: 0}
    - target: {fileID: 6405403190090049, guid: 2c8ad85e39cc609418320826cc6c251c, type: 3}
      propertyPath: m_Color.g
      value: 0
      objectReference: {fileID: 0}
    - target: {fileID: 6405403190090049, guid: 2c8ad85e39cc609418320826cc6c251c, type: 3}
      propertyPath: m_Color.b
      value: 0
      objectReference: {fileID: 0}
    - target: {fileID: 6062905057993477952, guid: 2c8ad85e39cc609418320826cc6c251c,
        type: 3}
      propertyPath: m_LocalPosition.x
      value: 0
      objectReference: {fileID: 0}
    - target: {fileID: 6062905057993477952, guid: 2c8ad85e39cc609418320826cc6c251c,
        type: 3}
      propertyPath: m_LocalPosition.y
      value: 0
      objectReference: {fileID: 0}
    - target: {fileID: 6062905057993477952, guid: 2c8ad85e39cc609418320826cc6c251c,
        type: 3}
      propertyPath: m_LocalPosition.z
      value: 0
      objectReference: {fileID: 0}
    - target: {fileID: 6062905057993477952, guid: 2c8ad85e39cc609418320826cc6c251c,
        type: 3}
      propertyPath: m_LocalRotation.x
      value: 0
      objectReference: {fileID: 0}
    - target: {fileID: 6062905057993477952, guid: 2c8ad85e39cc609418320826cc6c251c,
        type: 3}
      propertyPath: m_LocalRotation.y
      value: 0
      objectReference: {fileID: 0}
    - target: {fileID: 6062905057993477952, guid: 2c8ad85e39cc609418320826cc6c251c,
        type: 3}
      propertyPath: m_LocalRotation.z
      value: 0
      objectReference: {fileID: 0}
    - target: {fileID: 6062905057993477952, guid: 2c8ad85e39cc609418320826cc6c251c,
        type: 3}
      propertyPath: m_LocalRotation.w
      value: 1
      objectReference: {fileID: 0}
    - target: {fileID: 6062905057993477952, guid: 2c8ad85e39cc609418320826cc6c251c,
        type: 3}
      propertyPath: m_RootOrder
      value: 1
      objectReference: {fileID: 0}
    - target: {fileID: 6062905057993477952, guid: 2c8ad85e39cc609418320826cc6c251c,
        type: 3}
      propertyPath: m_LocalEulerAnglesHint.x
      value: 0
      objectReference: {fileID: 0}
    - target: {fileID: 6062905057993477952, guid: 2c8ad85e39cc609418320826cc6c251c,
        type: 3}
      propertyPath: m_LocalEulerAnglesHint.y
      value: 0
      objectReference: {fileID: 0}
    - target: {fileID: 6062905057993477952, guid: 2c8ad85e39cc609418320826cc6c251c,
        type: 3}
      propertyPath: m_LocalEulerAnglesHint.z
      value: 0
      objectReference: {fileID: 0}
    - target: {fileID: 6062905057993477952, guid: 2c8ad85e39cc609418320826cc6c251c,
        type: 3}
      propertyPath: m_AnchoredPosition.x
      value: 0
      objectReference: {fileID: 0}
    - target: {fileID: 6062905057993477952, guid: 2c8ad85e39cc609418320826cc6c251c,
        type: 3}
      propertyPath: m_AnchoredPosition.y
      value: 0
      objectReference: {fileID: 0}
    - target: {fileID: 6062905057993477952, guid: 2c8ad85e39cc609418320826cc6c251c,
        type: 3}
      propertyPath: m_SizeDelta.x
      value: 0
      objectReference: {fileID: 0}
    - target: {fileID: 6062905057993477952, guid: 2c8ad85e39cc609418320826cc6c251c,
        type: 3}
      propertyPath: m_SizeDelta.y
      value: 0
      objectReference: {fileID: 0}
    - target: {fileID: 6062905057993477952, guid: 2c8ad85e39cc609418320826cc6c251c,
        type: 3}
      propertyPath: m_AnchorMin.x
      value: 0
      objectReference: {fileID: 0}
    - target: {fileID: 6062905057993477952, guid: 2c8ad85e39cc609418320826cc6c251c,
        type: 3}
      propertyPath: m_AnchorMin.y
      value: 0
      objectReference: {fileID: 0}
    - target: {fileID: 6062905057993477952, guid: 2c8ad85e39cc609418320826cc6c251c,
        type: 3}
      propertyPath: m_AnchorMax.x
      value: 1
      objectReference: {fileID: 0}
    - target: {fileID: 6062905057993477952, guid: 2c8ad85e39cc609418320826cc6c251c,
        type: 3}
      propertyPath: m_AnchorMax.y
      value: 1
      objectReference: {fileID: 0}
    - target: {fileID: 6062905057993477952, guid: 2c8ad85e39cc609418320826cc6c251c,
        type: 3}
      propertyPath: m_Pivot.x
      value: 0.5
      objectReference: {fileID: 0}
    - target: {fileID: 6062905057993477952, guid: 2c8ad85e39cc609418320826cc6c251c,
        type: 3}
      propertyPath: m_Pivot.y
      value: 0.5
      objectReference: {fileID: 0}
    - target: {fileID: 6062905057993477953, guid: 2c8ad85e39cc609418320826cc6c251c,
        type: 3}
      propertyPath: m_Name
      value: LoginForm
      objectReference: {fileID: 0}
    - target: {fileID: 6062905058999259652, guid: 2c8ad85e39cc609418320826cc6c251c,
        type: 3}
      propertyPath: m_Color.a
      value: 0.05490196
      objectReference: {fileID: 0}
    - target: {fileID: 6062905058999259654, guid: 2c8ad85e39cc609418320826cc6c251c,
        type: 3}
      propertyPath: m_IsActive
      value: 1
      objectReference: {fileID: 0}
    m_RemovedComponents: []
  m_SourcePrefab: {fileID: 100100000, guid: 2c8ad85e39cc609418320826cc6c251c, type: 3}
--- !u!1 &1533859055 stripped
GameObject:
  m_CorrespondingSourceObject: {fileID: 7290577373118843097, guid: 9d6c9d702145fbe4d988f1e5b3993de8,
    type: 3}
  m_PrefabInstance: {fileID: 1625512833}
  m_PrefabAsset: {fileID: 0}
--- !u!114 &1533859056
MonoBehaviour:
  m_ObjectHideFlags: 0
  m_CorrespondingSourceObject: {fileID: 0}
  m_PrefabInstance: {fileID: 0}
  m_PrefabAsset: {fileID: 0}
  m_GameObject: {fileID: 1533859055}
  m_Enabled: 1
  m_EditorHideFlags: 0
  m_Script: {fileID: 11500000, guid: 32a654fa08bfd9f4396adb7134eafde4, type: 3}
  m_Name: 
  m_EditorClassIdentifier: 
  wcButtonType: 1
  buttonImage: {fileID: 1533859057}
  normalTexture: {fileID: 0}
  selectTexture: {fileID: 0}
  hoverTexture: {fileID: 0}
  pressTexture: {fileID: 0}
  buttonText: {fileID: 0}
  normalColor: {r: 1, g: 1, b: 1, a: 1}
  selectColor: {r: 0.95, g: 0.95, b: 0.95, a: 1}
  hoverColor: {r: 0.95, g: 0.95, b: 0.95, a: 1}
  pressColor: {r: 0.8, g: 0.8, b: 0.8, a: 1}
  imageNormalColor: {r: 1, g: 1, b: 1, a: 1}
  imageSelectColor: {r: 0.95, g: 0.95, b: 0.95, a: 1}
  imageHoverColor: {r: 0.95, g: 0.95, b: 0.95, a: 1}
  imagePressColor: {r: 0.8, g: 0.8, b: 0.8, a: 1}
  buttonGroup: {fileID: 0}
  buttonGroupType: 0
  tipsObj: {fileID: 0}
  selectImageObj: {fileID: 0}
  interactable: 1
  isCanRepeatClick: 1
  isCanSelect: 0
  isOn: 0
  isNeddReduction: 1
  buttonSoundName: 1
  soundVolume: 1
--- !u!114 &1533859057 stripped
MonoBehaviour:
  m_CorrespondingSourceObject: {fileID: 5598993532914353168, guid: 9d6c9d702145fbe4d988f1e5b3993de8,
    type: 3}
  m_PrefabInstance: {fileID: 1625512833}
  m_PrefabAsset: {fileID: 0}
  m_GameObject: {fileID: 1533859055}
  m_Enabled: 1
  m_EditorHideFlags: 0
  m_Script: {fileID: 11500000, guid: fe87c0e1cc204ed48ad3b37840f39efc, type: 3}
  m_Name: 
  m_EditorClassIdentifier: 
--- !u!1001 &1625512833
PrefabInstance:
  m_ObjectHideFlags: 0
  serializedVersion: 2
  m_Modification:
    m_TransformParent: {fileID: 0}
    m_Modifications:
    - target: {fileID: 358668616513930792, guid: 9d6c9d702145fbe4d988f1e5b3993de8,
        type: 3}
      propertyPath: m_AnchorMin.y
      value: 1
      objectReference: {fileID: 0}
    - target: {fileID: 358668616513930792, guid: 9d6c9d702145fbe4d988f1e5b3993de8,
        type: 3}
      propertyPath: m_AnchorMax.y
      value: 1
      objectReference: {fileID: 0}
    - target: {fileID: 358668616513930792, guid: 9d6c9d702145fbe4d988f1e5b3993de8,
        type: 3}
      propertyPath: m_AnchoredPosition.x
      value: 1731.3002
      objectReference: {fileID: 0}
    - target: {fileID: 358668616513930792, guid: 9d6c9d702145fbe4d988f1e5b3993de8,
        type: 3}
      propertyPath: m_AnchoredPosition.y
      value: -47.501617
      objectReference: {fileID: 0}
    - target: {fileID: 358668616513930792, guid: 9d6c9d702145fbe4d988f1e5b3993de8,
        type: 3}
      propertyPath: m_SizeDelta.x
      value: 100
      objectReference: {fileID: 0}
    - target: {fileID: 358668616513930792, guid: 9d6c9d702145fbe4d988f1e5b3993de8,
        type: 3}
      propertyPath: m_SizeDelta.y
      value: 100
      objectReference: {fileID: 0}
    - target: {fileID: 522702901275191013, guid: 9d6c9d702145fbe4d988f1e5b3993de8,
        type: 3}
      propertyPath: m_Name
      value: Canvas
      objectReference: {fileID: 0}
    - target: {fileID: 522702901275191013, guid: 9d6c9d702145fbe4d988f1e5b3993de8,
        type: 3}
      propertyPath: m_IsActive
      value: 0
      objectReference: {fileID: 0}
    - target: {fileID: 522702901275191017, guid: 9d6c9d702145fbe4d988f1e5b3993de8,
        type: 3}
      propertyPath: m_LocalPosition.x
      value: 0
      objectReference: {fileID: 0}
    - target: {fileID: 522702901275191017, guid: 9d6c9d702145fbe4d988f1e5b3993de8,
        type: 3}
      propertyPath: m_LocalPosition.y
      value: 0
      objectReference: {fileID: 0}
    - target: {fileID: 522702901275191017, guid: 9d6c9d702145fbe4d988f1e5b3993de8,
        type: 3}
      propertyPath: m_LocalPosition.z
      value: 0
      objectReference: {fileID: 0}
    - target: {fileID: 522702901275191017, guid: 9d6c9d702145fbe4d988f1e5b3993de8,
        type: 3}
      propertyPath: m_LocalRotation.x
      value: 0
      objectReference: {fileID: 0}
    - target: {fileID: 522702901275191017, guid: 9d6c9d702145fbe4d988f1e5b3993de8,
        type: 3}
      propertyPath: m_LocalRotation.y
      value: 0
      objectReference: {fileID: 0}
    - target: {fileID: 522702901275191017, guid: 9d6c9d702145fbe4d988f1e5b3993de8,
        type: 3}
      propertyPath: m_LocalRotation.z
      value: 0
      objectReference: {fileID: 0}
    - target: {fileID: 522702901275191017, guid: 9d6c9d702145fbe4d988f1e5b3993de8,
        type: 3}
      propertyPath: m_LocalRotation.w
      value: 1
      objectReference: {fileID: 0}
    - target: {fileID: 522702901275191017, guid: 9d6c9d702145fbe4d988f1e5b3993de8,
        type: 3}
      propertyPath: m_RootOrder
      value: 2
      objectReference: {fileID: 0}
    - target: {fileID: 522702901275191017, guid: 9d6c9d702145fbe4d988f1e5b3993de8,
        type: 3}
      propertyPath: m_LocalEulerAnglesHint.x
      value: 0
      objectReference: {fileID: 0}
    - target: {fileID: 522702901275191017, guid: 9d6c9d702145fbe4d988f1e5b3993de8,
        type: 3}
      propertyPath: m_LocalEulerAnglesHint.y
      value: 0
      objectReference: {fileID: 0}
    - target: {fileID: 522702901275191017, guid: 9d6c9d702145fbe4d988f1e5b3993de8,
        type: 3}
      propertyPath: m_LocalEulerAnglesHint.z
      value: 0
      objectReference: {fileID: 0}
    - target: {fileID: 522702901275191017, guid: 9d6c9d702145fbe4d988f1e5b3993de8,
        type: 3}
      propertyPath: m_AnchoredPosition.x
      value: 0
      objectReference: {fileID: 0}
    - target: {fileID: 522702901275191017, guid: 9d6c9d702145fbe4d988f1e5b3993de8,
        type: 3}
      propertyPath: m_AnchoredPosition.y
      value: 0
      objectReference: {fileID: 0}
    - target: {fileID: 522702901275191017, guid: 9d6c9d702145fbe4d988f1e5b3993de8,
        type: 3}
      propertyPath: m_SizeDelta.x
      value: 0
      objectReference: {fileID: 0}
    - target: {fileID: 522702901275191017, guid: 9d6c9d702145fbe4d988f1e5b3993de8,
        type: 3}
      propertyPath: m_SizeDelta.y
      value: 0
      objectReference: {fileID: 0}
    - target: {fileID: 522702901275191017, guid: 9d6c9d702145fbe4d988f1e5b3993de8,
        type: 3}
      propertyPath: m_AnchorMin.x
      value: 0
      objectReference: {fileID: 0}
    - target: {fileID: 522702901275191017, guid: 9d6c9d702145fbe4d988f1e5b3993de8,
        type: 3}
      propertyPath: m_AnchorMin.y
      value: 0
      objectReference: {fileID: 0}
    - target: {fileID: 522702901275191017, guid: 9d6c9d702145fbe4d988f1e5b3993de8,
        type: 3}
      propertyPath: m_AnchorMax.x
      value: 0
      objectReference: {fileID: 0}
    - target: {fileID: 522702901275191017, guid: 9d6c9d702145fbe4d988f1e5b3993de8,
        type: 3}
      propertyPath: m_AnchorMax.y
      value: 0
      objectReference: {fileID: 0}
    - target: {fileID: 522702901275191017, guid: 9d6c9d702145fbe4d988f1e5b3993de8,
        type: 3}
      propertyPath: m_Pivot.x
      value: 0
      objectReference: {fileID: 0}
    - target: {fileID: 522702901275191017, guid: 9d6c9d702145fbe4d988f1e5b3993de8,
        type: 3}
      propertyPath: m_Pivot.y
      value: 0
      objectReference: {fileID: 0}
    - target: {fileID: 806497090042717264, guid: 9d6c9d702145fbe4d988f1e5b3993de8,
        type: 3}
      propertyPath: m_Name
      value: gameSetUpButton
      objectReference: {fileID: 0}
    - target: {fileID: 1458486994066372964, guid: 9d6c9d702145fbe4d988f1e5b3993de8,
        type: 3}
      propertyPath: m_AnchorMin.y
      value: 1
      objectReference: {fileID: 0}
    - target: {fileID: 1458486994066372964, guid: 9d6c9d702145fbe4d988f1e5b3993de8,
        type: 3}
      propertyPath: m_AnchorMax.y
      value: 1
      objectReference: {fileID: 0}
    - target: {fileID: 1458486994066372964, guid: 9d6c9d702145fbe4d988f1e5b3993de8,
        type: 3}
      propertyPath: m_AnchoredPosition.x
      value: 1844.0002
      objectReference: {fileID: 0}
    - target: {fileID: 1458486994066372964, guid: 9d6c9d702145fbe4d988f1e5b3993de8,
        type: 3}
      propertyPath: m_AnchoredPosition.y
      value: -47.501617
      objectReference: {fileID: 0}
    - target: {fileID: 1458486994066372964, guid: 9d6c9d702145fbe4d988f1e5b3993de8,
        type: 3}
      propertyPath: m_SizeDelta.x
      value: 100
      objectReference: {fileID: 0}
    - target: {fileID: 1458486994066372964, guid: 9d6c9d702145fbe4d988f1e5b3993de8,
        type: 3}
      propertyPath: m_SizeDelta.y
      value: 100
      objectReference: {fileID: 0}
    - target: {fileID: 5004779113624297964, guid: 9d6c9d702145fbe4d988f1e5b3993de8,
        type: 3}
      propertyPath: m_AnchorMin.y
      value: 1
      objectReference: {fileID: 0}
    - target: {fileID: 5004779113624297964, guid: 9d6c9d702145fbe4d988f1e5b3993de8,
        type: 3}
      propertyPath: m_AnchorMax.y
      value: 1
      objectReference: {fileID: 0}
    - target: {fileID: 5004779113624297964, guid: 9d6c9d702145fbe4d988f1e5b3993de8,
        type: 3}
      propertyPath: m_AnchoredPosition.x
      value: 1505.9001
      objectReference: {fileID: 0}
    - target: {fileID: 5004779113624297964, guid: 9d6c9d702145fbe4d988f1e5b3993de8,
        type: 3}
      propertyPath: m_AnchoredPosition.y
      value: -47.501617
      objectReference: {fileID: 0}
    - target: {fileID: 5004779113624297964, guid: 9d6c9d702145fbe4d988f1e5b3993de8,
        type: 3}
      propertyPath: m_SizeDelta.x
      value: 100
      objectReference: {fileID: 0}
    - target: {fileID: 5004779113624297964, guid: 9d6c9d702145fbe4d988f1e5b3993de8,
        type: 3}
      propertyPath: m_SizeDelta.y
      value: 100
      objectReference: {fileID: 0}
    - target: {fileID: 5643375037338965823, guid: 9d6c9d702145fbe4d988f1e5b3993de8,
        type: 3}
      propertyPath: isOn
      value: 0
      objectReference: {fileID: 0}
    - target: {fileID: 5643375037338965823, guid: 9d6c9d702145fbe4d988f1e5b3993de8,
        type: 3}
      propertyPath: isCanSelect
      value: 0
      objectReference: {fileID: 0}
    - target: {fileID: 6492899774770745324, guid: 9d6c9d702145fbe4d988f1e5b3993de8,
        type: 3}
      propertyPath: m_AnchorMin.y
      value: 1
      objectReference: {fileID: 0}
    - target: {fileID: 6492899774770745324, guid: 9d6c9d702145fbe4d988f1e5b3993de8,
        type: 3}
      propertyPath: m_AnchorMax.y
      value: 1
      objectReference: {fileID: 0}
    - target: {fileID: 6492899774770745324, guid: 9d6c9d702145fbe4d988f1e5b3993de8,
        type: 3}
      propertyPath: m_AnchoredPosition.x
      value: 1393.2002
      objectReference: {fileID: 0}
    - target: {fileID: 6492899774770745324, guid: 9d6c9d702145fbe4d988f1e5b3993de8,
        type: 3}
      propertyPath: m_AnchoredPosition.y
      value: -47.501617
      objectReference: {fileID: 0}
    - target: {fileID: 6492899774770745324, guid: 9d6c9d702145fbe4d988f1e5b3993de8,
        type: 3}
      propertyPath: m_SizeDelta.x
      value: 100
      objectReference: {fileID: 0}
    - target: {fileID: 6492899774770745324, guid: 9d6c9d702145fbe4d988f1e5b3993de8,
        type: 3}
      propertyPath: m_SizeDelta.y
      value: 100
      objectReference: {fileID: 0}
    - target: {fileID: 9177948670290649451, guid: 9d6c9d702145fbe4d988f1e5b3993de8,
        type: 3}
      propertyPath: m_AnchorMin.y
      value: 1
      objectReference: {fileID: 0}
    - target: {fileID: 9177948670290649451, guid: 9d6c9d702145fbe4d988f1e5b3993de8,
        type: 3}
      propertyPath: m_AnchorMax.y
      value: 1
      objectReference: {fileID: 0}
    - target: {fileID: 9177948670290649451, guid: 9d6c9d702145fbe4d988f1e5b3993de8,
        type: 3}
      propertyPath: m_AnchoredPosition.x
      value: 1618.6002
      objectReference: {fileID: 0}
    - target: {fileID: 9177948670290649451, guid: 9d6c9d702145fbe4d988f1e5b3993de8,
        type: 3}
      propertyPath: m_AnchoredPosition.y
      value: -47.501617
      objectReference: {fileID: 0}
    - target: {fileID: 9177948670290649451, guid: 9d6c9d702145fbe4d988f1e5b3993de8,
        type: 3}
      propertyPath: m_SizeDelta.x
      value: 100
      objectReference: {fileID: 0}
    - target: {fileID: 9177948670290649451, guid: 9d6c9d702145fbe4d988f1e5b3993de8,
        type: 3}
      propertyPath: m_SizeDelta.y
      value: 100
      objectReference: {fileID: 0}
    m_RemovedComponents: []
  m_SourcePrefab: {fileID: 100100000, guid: 9d6c9d702145fbe4d988f1e5b3993de8, type: 3}
--- !u!224 &1625512834 stripped
RectTransform:
  m_CorrespondingSourceObject: {fileID: 522702900273509636, guid: 9d6c9d702145fbe4d988f1e5b3993de8,
    type: 3}
  m_PrefabInstance: {fileID: 1625512833}
  m_PrefabAsset: {fileID: 0}
--- !u!1 &1942744295 stripped
GameObject:
  m_CorrespondingSourceObject: {fileID: 1343129331825224797, guid: 9d6c9d702145fbe4d988f1e5b3993de8,
    type: 3}
  m_PrefabInstance: {fileID: 1625512833}
  m_PrefabAsset: {fileID: 0}
--- !u!114 &1942744296
MonoBehaviour:
  m_ObjectHideFlags: 0
  m_CorrespondingSourceObject: {fileID: 0}
  m_PrefabInstance: {fileID: 0}
  m_PrefabAsset: {fileID: 0}
  m_GameObject: {fileID: 1942744295}
  m_Enabled: 1
  m_EditorHideFlags: 0
  m_Script: {fileID: 11500000, guid: 32a654fa08bfd9f4396adb7134eafde4, type: 3}
  m_Name: 
  m_EditorClassIdentifier: 
  wcButtonType: 1
  buttonImage: {fileID: 1942744297}
  normalTexture: {fileID: 0}
  selectTexture: {fileID: 0}
  hoverTexture: {fileID: 0}
  pressTexture: {fileID: 0}
  buttonText: {fileID: 0}
  normalColor: {r: 1, g: 1, b: 1, a: 1}
  selectColor: {r: 0.95, g: 0.95, b: 0.95, a: 1}
  hoverColor: {r: 0.95, g: 0.95, b: 0.95, a: 1}
  pressColor: {r: 0.8, g: 0.8, b: 0.8, a: 1}
  imageNormalColor: {r: 1, g: 1, b: 1, a: 1}
  imageSelectColor: {r: 0.95, g: 0.95, b: 0.95, a: 1}
  imageHoverColor: {r: 0.95, g: 0.95, b: 0.95, a: 1}
  imagePressColor: {r: 0.8, g: 0.8, b: 0.8, a: 1}
  buttonGroup: {fileID: 0}
  buttonGroupType: 0
  tipsObj: {fileID: 0}
  selectImageObj: {fileID: 0}
  interactable: 1
  isCanRepeatClick: 1
  isCanSelect: 0
  isOn: 0
  isNeddReduction: 1
  buttonSoundName: 1
  soundVolume: 1
--- !u!114 &1942744297 stripped
MonoBehaviour:
  m_CorrespondingSourceObject: {fileID: 3116117037101105803, guid: 9d6c9d702145fbe4d988f1e5b3993de8,
    type: 3}
  m_PrefabInstance: {fileID: 1625512833}
  m_PrefabAsset: {fileID: 0}
  m_GameObject: {fileID: 1942744295}
  m_Enabled: 1
  m_EditorHideFlags: 0
  m_Script: {fileID: 11500000, guid: fe87c0e1cc204ed48ad3b37840f39efc, type: 3}
  m_Name: 
  m_EditorClassIdentifier: 
--- !u!1001 &7784629061065251451
PrefabInstance:
  m_ObjectHideFlags: 0
  serializedVersion: 2
  m_Modification:
    m_TransformParent: {fileID: 1625512834}
    m_Modifications:
    - target: {fileID: 7784629059468791593, guid: fc7d622e9f95680468d0c68735e6f546,
        type: 3}
      propertyPath: m_AnchorMax.y
      value: 1
      objectReference: {fileID: 0}
    - target: {fileID: 7784629059686322893, guid: fc7d622e9f95680468d0c68735e6f546,
        type: 3}
      propertyPath: m_LocalPosition.x
      value: 0
      objectReference: {fileID: 0}
    - target: {fileID: 7784629059686322893, guid: fc7d622e9f95680468d0c68735e6f546,
        type: 3}
      propertyPath: m_LocalPosition.y
      value: 0
      objectReference: {fileID: 0}
    - target: {fileID: 7784629059686322893, guid: fc7d622e9f95680468d0c68735e6f546,
        type: 3}
      propertyPath: m_LocalPosition.z
      value: 0
      objectReference: {fileID: 0}
    - target: {fileID: 7784629059686322893, guid: fc7d622e9f95680468d0c68735e6f546,
        type: 3}
      propertyPath: m_LocalRotation.x
      value: 0
      objectReference: {fileID: 0}
    - target: {fileID: 7784629059686322893, guid: fc7d622e9f95680468d0c68735e6f546,
        type: 3}
      propertyPath: m_LocalRotation.y
      value: 0
      objectReference: {fileID: 0}
    - target: {fileID: 7784629059686322893, guid: fc7d622e9f95680468d0c68735e6f546,
        type: 3}
      propertyPath: m_LocalRotation.z
      value: 0
      objectReference: {fileID: 0}
    - target: {fileID: 7784629059686322893, guid: fc7d622e9f95680468d0c68735e6f546,
        type: 3}
      propertyPath: m_LocalRotation.w
      value: 1
      objectReference: {fileID: 0}
    - target: {fileID: 7784629059686322893, guid: fc7d622e9f95680468d0c68735e6f546,
        type: 3}
      propertyPath: m_RootOrder
      value: 0
      objectReference: {fileID: 0}
    - target: {fileID: 7784629059686322893, guid: fc7d622e9f95680468d0c68735e6f546,
        type: 3}
      propertyPath: m_LocalEulerAnglesHint.x
      value: 0
      objectReference: {fileID: 0}
    - target: {fileID: 7784629059686322893, guid: fc7d622e9f95680468d0c68735e6f546,
        type: 3}
      propertyPath: m_LocalEulerAnglesHint.y
      value: 0
      objectReference: {fileID: 0}
    - target: {fileID: 7784629059686322893, guid: fc7d622e9f95680468d0c68735e6f546,
        type: 3}
      propertyPath: m_LocalEulerAnglesHint.z
      value: 0
      objectReference: {fileID: 0}
    - target: {fileID: 7784629059686322893, guid: fc7d622e9f95680468d0c68735e6f546,
        type: 3}
      propertyPath: m_AnchoredPosition.x
      value: 0
      objectReference: {fileID: 0}
    - target: {fileID: 7784629059686322893, guid: fc7d622e9f95680468d0c68735e6f546,
        type: 3}
      propertyPath: m_AnchoredPosition.y
      value: 0
      objectReference: {fileID: 0}
    - target: {fileID: 7784629059686322893, guid: fc7d622e9f95680468d0c68735e6f546,
        type: 3}
      propertyPath: m_SizeDelta.x
      value: 0
      objectReference: {fileID: 0}
    - target: {fileID: 7784629059686322893, guid: fc7d622e9f95680468d0c68735e6f546,
        type: 3}
      propertyPath: m_SizeDelta.y
      value: 0
      objectReference: {fileID: 0}
    - target: {fileID: 7784629059686322893, guid: fc7d622e9f95680468d0c68735e6f546,
        type: 3}
      propertyPath: m_AnchorMin.x
      value: 0
      objectReference: {fileID: 0}
    - target: {fileID: 7784629059686322893, guid: fc7d622e9f95680468d0c68735e6f546,
        type: 3}
      propertyPath: m_AnchorMin.y
      value: 0
      objectReference: {fileID: 0}
    - target: {fileID: 7784629059686322893, guid: fc7d622e9f95680468d0c68735e6f546,
        type: 3}
      propertyPath: m_AnchorMax.x
      value: 1
      objectReference: {fileID: 0}
    - target: {fileID: 7784629059686322893, guid: fc7d622e9f95680468d0c68735e6f546,
        type: 3}
      propertyPath: m_AnchorMax.y
      value: 1
      objectReference: {fileID: 0}
    - target: {fileID: 7784629059686322893, guid: fc7d622e9f95680468d0c68735e6f546,
        type: 3}
      propertyPath: m_Pivot.x
      value: 0.5
      objectReference: {fileID: 0}
    - target: {fileID: 7784629059686322893, guid: fc7d622e9f95680468d0c68735e6f546,
        type: 3}
      propertyPath: m_Pivot.y
      value: 0.5
      objectReference: {fileID: 0}
    - target: {fileID: 7784629059686322894, guid: fc7d622e9f95680468d0c68735e6f546,
        type: 3}
      propertyPath: m_Name
      value: GameSetUpForm
      objectReference: {fileID: 0}
    - target: {fileID: 7784629059686322894, guid: fc7d622e9f95680468d0c68735e6f546,
        type: 3}
      propertyPath: m_IsActive
      value: 0
      objectReference: {fileID: 0}
    - target: {fileID: 7784629060011719394, guid: fc7d622e9f95680468d0c68735e6f546,
        type: 3}
      propertyPath: m_AnchorMax.y
      value: 1
      objectReference: {fileID: 0}
    - target: {fileID: 7784629060109784750, guid: fc7d622e9f95680468d0c68735e6f546,
        type: 3}
      propertyPath: m_AnchorMax.y
      value: 1
      objectReference: {fileID: 0}
    - target: {fileID: 7784629060297250200, guid: fc7d622e9f95680468d0c68735e6f546,
        type: 3}
      propertyPath: m_AnchorMax.y
      value: 1
      objectReference: {fileID: 0}
    - target: {fileID: 7784629060530381278, guid: fc7d622e9f95680468d0c68735e6f546,
        type: 3}
      propertyPath: m_AnchorMax.y
      value: 1
      objectReference: {fileID: 0}
    - target: {fileID: 7784629060567397293, guid: fc7d622e9f95680468d0c68735e6f546,
        type: 3}
      propertyPath: m_AnchorMax.y
      value: 1
      objectReference: {fileID: 0}
    - target: {fileID: 7784629060717989080, guid: fc7d622e9f95680468d0c68735e6f546,
        type: 3}
      propertyPath: m_AnchorMax.y
      value: 1
      objectReference: {fileID: 0}
    - target: {fileID: 7784629061467834520, guid: fc7d622e9f95680468d0c68735e6f546,
        type: 3}
      propertyPath: m_AnchorMax.y
      value: 1
      objectReference: {fileID: 0}
    m_RemovedComponents: []
  m_SourcePrefab: {fileID: 100100000, guid: fc7d622e9f95680468d0c68735e6f546, type: 3}
--- !u!1001 &7968183795560945838
PrefabInstance:
  m_ObjectHideFlags: 0
  serializedVersion: 2
  m_Modification:
    m_TransformParent: {fileID: 739913814}
    m_Modifications:
    - target: {fileID: 7968183794170592945, guid: 76ed34346e764844084e0ac36d60b2ad,
        type: 3}
      propertyPath: m_AnchorMin.y
      value: 1
      objectReference: {fileID: 0}
    - target: {fileID: 7968183794170592945, guid: 76ed34346e764844084e0ac36d60b2ad,
        type: 3}
      propertyPath: m_AnchorMax.y
      value: 1
      objectReference: {fileID: 0}
    - target: {fileID: 7968183794170592945, guid: 76ed34346e764844084e0ac36d60b2ad,
        type: 3}
      propertyPath: m_AnchoredPosition.x
      value: 208.22
      objectReference: {fileID: 0}
    - target: {fileID: 7968183794170592945, guid: 76ed34346e764844084e0ac36d60b2ad,
        type: 3}
      propertyPath: m_AnchoredPosition.y
      value: -25
      objectReference: {fileID: 0}
    - target: {fileID: 7968183794170592945, guid: 76ed34346e764844084e0ac36d60b2ad,
        type: 3}
      propertyPath: m_SizeDelta.x
      value: 30
      objectReference: {fileID: 0}
    - target: {fileID: 7968183794170592945, guid: 76ed34346e764844084e0ac36d60b2ad,
        type: 3}
      propertyPath: m_SizeDelta.y
      value: 30
      objectReference: {fileID: 0}
    - target: {fileID: 7968183794236267551, guid: 76ed34346e764844084e0ac36d60b2ad,
        type: 3}
      propertyPath: m_Color.r
      value: 0.03603542
      objectReference: {fileID: 0}
    - target: {fileID: 7968183794236267551, guid: 76ed34346e764844084e0ac36d60b2ad,
        type: 3}
      propertyPath: m_Color.g
      value: 0.9622642
      objectReference: {fileID: 0}
    - target: {fileID: 7968183794236267551, guid: 76ed34346e764844084e0ac36d60b2ad,
        type: 3}
      propertyPath: m_Color.b
      value: 0.022694906
      objectReference: {fileID: 0}
    - target: {fileID: 7968183794479562730, guid: 76ed34346e764844084e0ac36d60b2ad,
        type: 3}
      propertyPath: m_Name
      value: black
      objectReference: {fileID: 0}
    - target: {fileID: 7968183794479562731, guid: 76ed34346e764844084e0ac36d60b2ad,
        type: 3}
      propertyPath: m_AnchorMin.y
      value: 1
      objectReference: {fileID: 0}
    - target: {fileID: 7968183794479562731, guid: 76ed34346e764844084e0ac36d60b2ad,
        type: 3}
      propertyPath: m_AnchorMax.y
      value: 1
      objectReference: {fileID: 0}
    - target: {fileID: 7968183794479562731, guid: 76ed34346e764844084e0ac36d60b2ad,
        type: 3}
      propertyPath: m_AnchoredPosition.x
      value: 201.48
      objectReference: {fileID: 0}
    - target: {fileID: 7968183794479562731, guid: 76ed34346e764844084e0ac36d60b2ad,
        type: 3}
      propertyPath: m_AnchoredPosition.y
      value: -35
      objectReference: {fileID: 0}
    - target: {fileID: 7968183794479562731, guid: 76ed34346e764844084e0ac36d60b2ad,
        type: 3}
      propertyPath: m_SizeDelta.x
      value: 50
      objectReference: {fileID: 0}
    - target: {fileID: 7968183794479562731, guid: 76ed34346e764844084e0ac36d60b2ad,
        type: 3}
      propertyPath: m_SizeDelta.y
      value: 50
      objectReference: {fileID: 0}
    - target: {fileID: 7968183794751595210, guid: 76ed34346e764844084e0ac36d60b2ad,
        type: 3}
      propertyPath: m_AnchorMin.y
      value: 1
      objectReference: {fileID: 0}
    - target: {fileID: 7968183794751595210, guid: 76ed34346e764844084e0ac36d60b2ad,
        type: 3}
      propertyPath: m_AnchorMax.y
      value: 1
      objectReference: {fileID: 0}
    - target: {fileID: 7968183794751595210, guid: 76ed34346e764844084e0ac36d60b2ad,
        type: 3}
      propertyPath: m_AnchoredPosition.x
      value: 94.74
      objectReference: {fileID: 0}
    - target: {fileID: 7968183794751595210, guid: 76ed34346e764844084e0ac36d60b2ad,
        type: 3}
      propertyPath: m_AnchoredPosition.y
      value: -25
      objectReference: {fileID: 0}
    - target: {fileID: 7968183794751595210, guid: 76ed34346e764844084e0ac36d60b2ad,
        type: 3}
      propertyPath: m_SizeDelta.x
      value: 30
      objectReference: {fileID: 0}
    - target: {fileID: 7968183794751595210, guid: 76ed34346e764844084e0ac36d60b2ad,
        type: 3}
      propertyPath: m_SizeDelta.y
      value: 30
      objectReference: {fileID: 0}
    - target: {fileID: 7968183795140596100, guid: 76ed34346e764844084e0ac36d60b2ad,
        type: 3}
      propertyPath: m_Name
      value: yellow
      objectReference: {fileID: 0}
    - target: {fileID: 7968183795140596101, guid: 76ed34346e764844084e0ac36d60b2ad,
        type: 3}
      propertyPath: m_AnchorMin.y
      value: 1
      objectReference: {fileID: 0}
    - target: {fileID: 7968183795140596101, guid: 76ed34346e764844084e0ac36d60b2ad,
        type: 3}
      propertyPath: m_AnchorMax.y
      value: 1
      objectReference: {fileID: 0}
    - target: {fileID: 7968183795140596101, guid: 76ed34346e764844084e0ac36d60b2ad,
        type: 3}
      propertyPath: m_AnchoredPosition.x
      value: 354.96
      objectReference: {fileID: 0}
    - target: {fileID: 7968183795140596101, guid: 76ed34346e764844084e0ac36d60b2ad,
        type: 3}
      propertyPath: m_AnchoredPosition.y
      value: -35
      objectReference: {fileID: 0}
    - target: {fileID: 7968183795140596101, guid: 76ed34346e764844084e0ac36d60b2ad,
        type: 3}
      propertyPath: m_SizeDelta.x
      value: 50
      objectReference: {fileID: 0}
    - target: {fileID: 7968183795140596101, guid: 76ed34346e764844084e0ac36d60b2ad,
        type: 3}
      propertyPath: m_SizeDelta.y
      value: 50
      objectReference: {fileID: 0}
    - target: {fileID: 7968183795172253260, guid: 76ed34346e764844084e0ac36d60b2ad,
        type: 3}
      propertyPath: m_AnchorMin.y
      value: 1
      objectReference: {fileID: 0}
    - target: {fileID: 7968183795172253260, guid: 76ed34346e764844084e0ac36d60b2ad,
        type: 3}
      propertyPath: m_AnchorMax.y
      value: 1
      objectReference: {fileID: 0}
    - target: {fileID: 7968183795172253260, guid: 76ed34346e764844084e0ac36d60b2ad,
        type: 3}
      propertyPath: m_AnchoredPosition.x
      value: 151.48
      objectReference: {fileID: 0}
    - target: {fileID: 7968183795172253260, guid: 76ed34346e764844084e0ac36d60b2ad,
        type: 3}
      propertyPath: m_AnchoredPosition.y
      value: -25
      objectReference: {fileID: 0}
    - target: {fileID: 7968183795172253260, guid: 76ed34346e764844084e0ac36d60b2ad,
        type: 3}
      propertyPath: m_SizeDelta.x
      value: 30
      objectReference: {fileID: 0}
    - target: {fileID: 7968183795172253260, guid: 76ed34346e764844084e0ac36d60b2ad,
        type: 3}
      propertyPath: m_SizeDelta.y
      value: 30
      objectReference: {fileID: 0}
    - target: {fileID: 7968183795261451216, guid: 76ed34346e764844084e0ac36d60b2ad,
        type: 3}
      propertyPath: m_Name
      value: colorButtonGroup
      objectReference: {fileID: 0}
    - target: {fileID: 7968183795281998648, guid: 76ed34346e764844084e0ac36d60b2ad,
        type: 3}
      propertyPath: m_Name
      value: red
      objectReference: {fileID: 0}
    - target: {fileID: 7968183795281998649, guid: 76ed34346e764844084e0ac36d60b2ad,
        type: 3}
      propertyPath: m_AnchorMin.y
      value: 1
      objectReference: {fileID: 0}
    - target: {fileID: 7968183795281998649, guid: 76ed34346e764844084e0ac36d60b2ad,
        type: 3}
      propertyPath: m_AnchorMax.y
      value: 1
      objectReference: {fileID: 0}
    - target: {fileID: 7968183795281998649, guid: 76ed34346e764844084e0ac36d60b2ad,
        type: 3}
      propertyPath: m_AnchoredPosition.x
      value: 48
      objectReference: {fileID: 0}
    - target: {fileID: 7968183795281998649, guid: 76ed34346e764844084e0ac36d60b2ad,
        type: 3}
      propertyPath: m_AnchoredPosition.y
      value: -35
      objectReference: {fileID: 0}
    - target: {fileID: 7968183795281998649, guid: 76ed34346e764844084e0ac36d60b2ad,
        type: 3}
      propertyPath: m_SizeDelta.x
      value: 50
      objectReference: {fileID: 0}
    - target: {fileID: 7968183795281998649, guid: 76ed34346e764844084e0ac36d60b2ad,
        type: 3}
      propertyPath: m_SizeDelta.y
      value: 50
      objectReference: {fileID: 0}
    - target: {fileID: 7968183795421700882, guid: 76ed34346e764844084e0ac36d60b2ad,
        type: 3}
      propertyPath: m_Name
      value: blue
      objectReference: {fileID: 0}
    - target: {fileID: 7968183795421700883, guid: 76ed34346e764844084e0ac36d60b2ad,
        type: 3}
      propertyPath: m_AnchorMin.y
      value: 1
      objectReference: {fileID: 0}
    - target: {fileID: 7968183795421700883, guid: 76ed34346e764844084e0ac36d60b2ad,
        type: 3}
      propertyPath: m_AnchorMax.y
      value: 1
      objectReference: {fileID: 0}
    - target: {fileID: 7968183795421700883, guid: 76ed34346e764844084e0ac36d60b2ad,
        type: 3}
      propertyPath: m_AnchoredPosition.x
      value: 124.74
      objectReference: {fileID: 0}
    - target: {fileID: 7968183795421700883, guid: 76ed34346e764844084e0ac36d60b2ad,
        type: 3}
      propertyPath: m_AnchoredPosition.y
      value: -35
      objectReference: {fileID: 0}
    - target: {fileID: 7968183795421700883, guid: 76ed34346e764844084e0ac36d60b2ad,
        type: 3}
      propertyPath: m_SizeDelta.x
      value: 50
      objectReference: {fileID: 0}
    - target: {fileID: 7968183795421700883, guid: 76ed34346e764844084e0ac36d60b2ad,
        type: 3}
      propertyPath: m_SizeDelta.y
      value: 50
      objectReference: {fileID: 0}
    - target: {fileID: 7968183795443583834, guid: 76ed34346e764844084e0ac36d60b2ad,
        type: 3}
      propertyPath: m_AnchorMin.y
      value: 1
      objectReference: {fileID: 0}
    - target: {fileID: 7968183795443583834, guid: 76ed34346e764844084e0ac36d60b2ad,
        type: 3}
      propertyPath: m_AnchorMax.y
      value: 1
      objectReference: {fileID: 0}
    - target: {fileID: 7968183795443583834, guid: 76ed34346e764844084e0ac36d60b2ad,
        type: 3}
      propertyPath: m_AnchoredPosition.x
      value: 38
      objectReference: {fileID: 0}
    - target: {fileID: 7968183795443583834, guid: 76ed34346e764844084e0ac36d60b2ad,
        type: 3}
      propertyPath: m_AnchoredPosition.y
      value: -25
      objectReference: {fileID: 0}
    - target: {fileID: 7968183795443583834, guid: 76ed34346e764844084e0ac36d60b2ad,
        type: 3}
      propertyPath: m_SizeDelta.x
      value: 30
      objectReference: {fileID: 0}
    - target: {fileID: 7968183795443583834, guid: 76ed34346e764844084e0ac36d60b2ad,
        type: 3}
      propertyPath: m_SizeDelta.y
      value: 30
      objectReference: {fileID: 0}
    - target: {fileID: 7968183795645208895, guid: 76ed34346e764844084e0ac36d60b2ad,
        type: 3}
      propertyPath: m_AnchorMin.y
      value: 1
      objectReference: {fileID: 0}
    - target: {fileID: 7968183795645208895, guid: 76ed34346e764844084e0ac36d60b2ad,
        type: 3}
      propertyPath: m_AnchorMax.y
      value: 1
      objectReference: {fileID: 0}
    - target: {fileID: 7968183795645208895, guid: 76ed34346e764844084e0ac36d60b2ad,
        type: 3}
      propertyPath: m_AnchoredPosition.x
      value: 264.96
      objectReference: {fileID: 0}
    - target: {fileID: 7968183795645208895, guid: 76ed34346e764844084e0ac36d60b2ad,
        type: 3}
      propertyPath: m_AnchoredPosition.y
      value: -25
      objectReference: {fileID: 0}
    - target: {fileID: 7968183795645208895, guid: 76ed34346e764844084e0ac36d60b2ad,
        type: 3}
      propertyPath: m_SizeDelta.x
      value: 30
      objectReference: {fileID: 0}
    - target: {fileID: 7968183795645208895, guid: 76ed34346e764844084e0ac36d60b2ad,
        type: 3}
      propertyPath: m_SizeDelta.y
      value: 30
      objectReference: {fileID: 0}
    - target: {fileID: 7968183795749265500, guid: 76ed34346e764844084e0ac36d60b2ad,
        type: 3}
      propertyPath: m_AnchorMin.y
      value: 1
      objectReference: {fileID: 0}
    - target: {fileID: 7968183795749265500, guid: 76ed34346e764844084e0ac36d60b2ad,
        type: 3}
      propertyPath: m_AnchorMax.y
      value: 1
      objectReference: {fileID: 0}
    - target: {fileID: 7968183795749265500, guid: 76ed34346e764844084e0ac36d60b2ad,
        type: 3}
      propertyPath: m_AnchoredPosition.x
      value: 278.22
      objectReference: {fileID: 0}
    - target: {fileID: 7968183795749265500, guid: 76ed34346e764844084e0ac36d60b2ad,
        type: 3}
      propertyPath: m_AnchoredPosition.y
      value: -35
      objectReference: {fileID: 0}
    - target: {fileID: 7968183795749265500, guid: 76ed34346e764844084e0ac36d60b2ad,
        type: 3}
      propertyPath: m_SizeDelta.x
      value: 50
      objectReference: {fileID: 0}
    - target: {fileID: 7968183795749265500, guid: 76ed34346e764844084e0ac36d60b2ad,
        type: 3}
      propertyPath: m_SizeDelta.y
      value: 50
      objectReference: {fileID: 0}
    - target: {fileID: 7968183795749265503, guid: 76ed34346e764844084e0ac36d60b2ad,
        type: 3}
      propertyPath: m_Name
      value: green
      objectReference: {fileID: 0}
    - target: {fileID: 7968183795971051394, guid: 76ed34346e764844084e0ac36d60b2ad,
        type: 3}
      propertyPath: m_LocalPosition.x
      value: 0
      objectReference: {fileID: 0}
    - target: {fileID: 7968183795971051394, guid: 76ed34346e764844084e0ac36d60b2ad,
        type: 3}
      propertyPath: m_LocalPosition.y
      value: 0
      objectReference: {fileID: 0}
    - target: {fileID: 7968183795971051394, guid: 76ed34346e764844084e0ac36d60b2ad,
        type: 3}
      propertyPath: m_LocalPosition.z
      value: 0
      objectReference: {fileID: 0}
    - target: {fileID: 7968183795971051394, guid: 76ed34346e764844084e0ac36d60b2ad,
        type: 3}
      propertyPath: m_LocalRotation.x
      value: 0
      objectReference: {fileID: 0}
    - target: {fileID: 7968183795971051394, guid: 76ed34346e764844084e0ac36d60b2ad,
        type: 3}
      propertyPath: m_LocalRotation.y
      value: 0
      objectReference: {fileID: 0}
    - target: {fileID: 7968183795971051394, guid: 76ed34346e764844084e0ac36d60b2ad,
        type: 3}
      propertyPath: m_LocalRotation.z
      value: 0
      objectReference: {fileID: 0}
    - target: {fileID: 7968183795971051394, guid: 76ed34346e764844084e0ac36d60b2ad,
        type: 3}
      propertyPath: m_LocalRotation.w
      value: 1
      objectReference: {fileID: 0}
    - target: {fileID: 7968183795971051394, guid: 76ed34346e764844084e0ac36d60b2ad,
        type: 3}
      propertyPath: m_RootOrder
      value: 1
      objectReference: {fileID: 0}
    - target: {fileID: 7968183795971051394, guid: 76ed34346e764844084e0ac36d60b2ad,
        type: 3}
      propertyPath: m_LocalEulerAnglesHint.x
      value: 0
      objectReference: {fileID: 0}
    - target: {fileID: 7968183795971051394, guid: 76ed34346e764844084e0ac36d60b2ad,
        type: 3}
      propertyPath: m_LocalEulerAnglesHint.y
      value: 0
      objectReference: {fileID: 0}
    - target: {fileID: 7968183795971051394, guid: 76ed34346e764844084e0ac36d60b2ad,
        type: 3}
      propertyPath: m_LocalEulerAnglesHint.z
      value: 0
      objectReference: {fileID: 0}
    - target: {fileID: 7968183795971051394, guid: 76ed34346e764844084e0ac36d60b2ad,
        type: 3}
      propertyPath: m_AnchoredPosition.x
      value: 0
      objectReference: {fileID: 0}
    - target: {fileID: 7968183795971051394, guid: 76ed34346e764844084e0ac36d60b2ad,
        type: 3}
      propertyPath: m_AnchoredPosition.y
      value: 0
      objectReference: {fileID: 0}
    - target: {fileID: 7968183795971051394, guid: 76ed34346e764844084e0ac36d60b2ad,
        type: 3}
      propertyPath: m_SizeDelta.x
      value: 0
      objectReference: {fileID: 0}
    - target: {fileID: 7968183795971051394, guid: 76ed34346e764844084e0ac36d60b2ad,
        type: 3}
      propertyPath: m_SizeDelta.y
      value: 0
      objectReference: {fileID: 0}
    - target: {fileID: 7968183795971051394, guid: 76ed34346e764844084e0ac36d60b2ad,
        type: 3}
      propertyPath: m_AnchorMin.x
      value: 0
      objectReference: {fileID: 0}
    - target: {fileID: 7968183795971051394, guid: 76ed34346e764844084e0ac36d60b2ad,
        type: 3}
      propertyPath: m_AnchorMin.y
      value: 0
      objectReference: {fileID: 0}
    - target: {fileID: 7968183795971051394, guid: 76ed34346e764844084e0ac36d60b2ad,
        type: 3}
      propertyPath: m_AnchorMax.x
      value: 1
      objectReference: {fileID: 0}
    - target: {fileID: 7968183795971051394, guid: 76ed34346e764844084e0ac36d60b2ad,
        type: 3}
      propertyPath: m_AnchorMax.y
      value: 1
      objectReference: {fileID: 0}
    - target: {fileID: 7968183795971051394, guid: 76ed34346e764844084e0ac36d60b2ad,
        type: 3}
      propertyPath: m_Pivot.x
      value: 0.5
      objectReference: {fileID: 0}
    - target: {fileID: 7968183795971051394, guid: 76ed34346e764844084e0ac36d60b2ad,
        type: 3}
      propertyPath: m_Pivot.y
      value: 0.5
      objectReference: {fileID: 0}
    - target: {fileID: 7968183795971051397, guid: 76ed34346e764844084e0ac36d60b2ad,
        type: 3}
      propertyPath: m_Name
      value: PaintBrushForm
      objectReference: {fileID: 0}
    - target: {fileID: 7968183795971051397, guid: 76ed34346e764844084e0ac36d60b2ad,
        type: 3}
      propertyPath: m_IsActive
      value: 0
      objectReference: {fileID: 0}
    m_RemovedComponents: []
  m_SourcePrefab: {fileID: 100100000, guid: 76ed34346e764844084e0ac36d60b2ad, type: 3}
